@ARTICLE{general_2013,
       author = {{Weinberg}, David H. and {Mortonson}, Michael J. and
         {Eisenstein}, Daniel J. and {Hirata}, Christopher and {Riess}, Adam G. and
         {Rozo}, Eduardo},
        title = "{Observational probes of cosmic acceleration}",
      journal = {physrep},
     keywords = {Astrophysics - Cosmology and Nongalactic Astrophysics},
         year = "2013",
        month = "Sep",
       volume = {530},
        pages = {87-255},
          doi = {10.1016/j.physrep.2013.05.001},
archivePrefix = {arXiv},
       eprint = {1201.2434},
 primaryClass = {astro-ph.CO},
       adsurl = {https://ui.adsabs.harvard.edu/\#abs/2013PhR...530...87W},
      adsnote = {Provided by the SAO/NASA Astrophysics Data System}
}

@ARTICLE{rachel_2018,
       author = {{Mandelbaum}, Rachel},
        title = "{Weak Lensing for Precision Cosmology}",
      journal = {Annual Review of Astronomy and Astrophysics},
     keywords = {Astrophysics - Cosmology and Nongalactic Astrophysics},
         year = "2018",
        month = "Sep",
       volume = {56},
        pages = {393-433},
          doi = {10.1146/annurev-astro-081817-051928},
archivePrefix = {arXiv},
       eprint = {1710.03235},
 primaryClass = {astro-ph.CO},
       adsurl = {https://ui.adsabs.harvard.edu/\#abs/2018ARA&A..56..393M},
      adsnote = {Provided by the SAO/NASA Astrophysics Data System}
}

@ARTICLE{massey_2013,
       author = {{Massey}, Richard and {Hoekstra}, Henk and {Kitching}, Thomas and
         {Rhodes}, Jason and {Cropper}, Mark and {Amiaux}, J{\'e}r{\^o}me and
         {Harvey}, David and {Mellier}, Yannick and {Meneghetti}, Massimo and
         {Miller}, Lance and {Paulin-Henriksson}, St{\'e}phane and {Pires}, Sand
        rine and {Scaramella}, Roberto and {Schrabback}, Tim},
        title = "{Origins of weak lensing systematics, and requirements on future instrumentation (or knowledge of instrumentation)}",
      journal = {mnras},
     keywords = {gravitational lensing: weak, instrumentation: detectors, methods: data analysis, space vehicles: instruments, telescopes, cosmological parameters, Astrophysics - Cosmology and Nongalactic Astrophysics, Astrophysics - Instrumentation and Methods for Astrophysics},
         year = "2013",
        month = "Feb",
       volume = {429},
        pages = {661-678},
          doi = {10.1093/mnras/sts371},
archivePrefix = {arXiv},
       eprint = {1210.7690},
 primaryClass = {astro-ph.CO},
       adsurl = {https://ui.adsabs.harvard.edu/\#abs/2013MNRAS.429..661M},
      adsnote = {Provided by the SAO/NASA Astrophysics Data System}
}

@ARTICLE{Subaru_2019,
       author = {{Hikage}, Chiaki and {Oguri}, Masamune and {Hamana}, Takashi and
         {More}, Surhud and {Mandelbaum}, Rachel and {Takada}, Masahiro and
         {K{\"o}hlinger}, Fabian and {Miyatake}, Hironao and
         {Nishizawa}, Atsushi J. and {Aihara}, Hiroaki and {Armstrong}, Robert and
         {Bosch}, James and {Coupon}, Jean and {Ducout}, Anne and {Ho}, Paul and
         {Hsieh}, Bau-Ching and {Komiyama}, Yutaka and
         {Lanusse}, Fran{\c{c}}ois and {Leauthaud}, Alexie and
         {Lupton}, Robert H. and {Medezinski}, Elinor and {Mineo}, Sogo and
         {Miyama}, Shoken and {Miyazaki}, Satoshi and {Murata}, Ryoma and
         {Murayama}, Hitoshi and {Shirasaki}, Masato and
         {Sif{\'o}n}, Crist{\'o}bal and {Simet}, Melanie and {Speagle}, Joshua and
         {Spergel}, David N. and {Strauss}, Michael A. and {Sugiyama}, Naoshi and
         {Tanaka}, Masayuki and {Utsumi}, Yousuke and {Wang}, Shiang-Yu and
         {Yamada}, Yoshihiko},
        title = "{Cosmology from cosmic shear power spectra with Subaru Hyper Suprime-Cam first-year data}",
      journal = {Publications of the Astronomical Society of Japan},
     keywords = {dark matter, gravitational lensing: weak, large-scale structure of universe, Astrophysics - Cosmology and Nongalactic Astrophysics},
         year = "2019",
        month = "Mar",
        pages = {22},
          doi = {10.1093/pasj/psz010},
archivePrefix = {arXiv},
       eprint = {1809.09148},
 primaryClass = {astro-ph.CO},
       adsurl = {https://ui.adsabs.harvard.edu/\#abs/2019PASJ..tmp...22H},
      adsnote = {Provided by the SAO/NASA Astrophysics Data System}
}

@ARTICLE{basicLens,
       author = {{Kuijken}, Konrad},
        title = "{The Basics of Lensing}",
      journal = {arXiv e-prints},
     keywords = {Astrophysics},
         year = "2003",
        month = "Apr",
          eid = {astro-ph/0304438},
        pages = {astro-ph/0304438},
archivePrefix = {arXiv},
       eprint = {astro-ph/0304438},
 primaryClass = {astro-ph},
       adsurl = {https://ui.adsabs.harvard.edu/abs/2003astro.ph..4438K},
      adsnote = {Provided by the SAO/NASA Astrophysics Data System}
}

@PROCEEDINGS{lensingbook,
    title = "{Gravitational Lensing: Strong, Weak and Micro}",
 keywords = {Gravitational Lensing, Microlensing, Cosmology},
booktitle = {Saas-Fee Advanced Course 33: Gravitational Lensing: Strong, Weak and Micro},
     year = 2006,
   eprint = {astro-ph/0407232},
   editor = {{Meylan}, G. and {Jetzer}, P. and {North}, P. and {Schneider}, P. and 
	{Kochanek}, C.~S. and {Wambsganss}, J.},
   adsurl = {http://adsabs.harvard.edu/abs/2006glsw.conf.....M},
  adsnote = {Provided by the SAO/NASA Astrophysics Data System}
}

@ARTICLE{GR1,
    author = {A.W. Peet},
    title = "{General Relativity Notes }",
 keywords = {Gravitational Lensing, Microlensing, Cosmology},
booktitle = {General Relativity Notes},
     year = 2018,
     pages = {https://ap.io/483f/files/gr1.pdf}
}